@book{schlutz,
  title     = {Bildungsdienstleistungen und Angebotsentwicklung},
  author    = {Schlutz, E.},
  series    = {Studienreihe Bildungs- und Wissenschaftsmanagement},
  year      = {2006},
  location  = {Münster},
  publisher = {Waxmann}
}

@book{fleige,
  title     = {Programm- und Angebotsentwicklung: in der Erwachsenen- und Weiterbildung},
  author    = {Fleige, M. and Gieseke, W. and von Hippel, A. and Käpplinger, B. and Robak, S.},
  series    = {Erwachsenen- und Weiterbildung. Befunde - Diskurse - Transfer},
  year      = {2019},
  location  = {Bielefeld},
  publisher = {wbv Media}
}

@book{schrader,
  title     = {Lehren und Lernen: in der Erwachsenen- und Weiterbildung},
  author    = {Schrader, J.},
  series    = {Erwachsenen- und Weiterbildung. Befunde -- Diskurse -- Transfer},
  year      = {2018},
  location  = {Paderborn},
  publisher = {UTB GmbH}
}

@book{kunze,
  title     = {Personzentrierte Erwachsenenpädagogik: Die pädagogische Beziehung als Mittelpunkt im Lehr-Lern-Prozess},
  author    = {Kunze-Pletat, D.},
  year      = {2018},
  publisher = {Springer Fachmedien},
  location  = {Wiesbaden}
}

@book{weinberger,
  title     = {Klientenzentrierte Gesprächsführung: Lern- und Praxisanleitung für psychosoziale Berufe},
  author    = {Weinberger, S.},
  series    = {Edition Sozial},
  year      = {2013},
  publisher = {Beltz Juventa},
  location  = {Weinheim und Basel}
}

@book{hippel,
  title     = {Didaktik der Erwachsenen- und Weiterbildung},
  author    = {von Hippel, A. and Kulmus, C. and Stimm, M.},
  year      = {2018},
  publisher = {UTB GmbH},
  location  = {Paderborn}
}

@book{dinkelaker,
  title     = {Lernen Erwachsener},
  author    = {Dinkelaker, J.},
  year      = {2018},
  publisher = {Kohlhammer Verlag},
  location  = {Stuttgart}
}

@book{glier,
  title     = {Chronischen Schmerz bewältigen: verhaltenstherapeutische Schmerzbehandlung},
  author    = {Glier, B.},
  series    = {Leben lernen},
  year      = {2010},
  publisher = {Klett-Cotta},
  location  = {Stuttgart}
}

@book{knuf,
  title     = {Recovery und Empowerment},
  author    = {Knuf, A.},
  year      = {2020},
  publisher = {Psychiatrie-Verlag GmbH},
  location  = {Köln}
}

@booklet{kos,
  title   = {Bedarfsanalyse und Angebotsentwicklung},
  author  = {Scheffelt, E. and Schadeberg, Ch. and Göllner, M.},
  editor  = {{k.o.s. GmbH, Projekt Koordinierungsstelle Qualität des Landes Berlin}},
  series  = {Beiträge zur Weiterbildungsdiskussion},
  year    = {2012},
  url     = {https://www.kos-qualitaet.de/media/de/KOS_weiter%20gelernt_Heft%201_Bedarfsanalyse.pdf},
  urldate = {2021-05-12}
}

@booklet{reich-claassen,
  title   = {{Angebotsplanung und -gestaltung}},
  author  = {Reich-Claassen, J. and von Hippel, A.},
  year    = {2011},
  url     = {https://www.erziehungswissenschaften.hu-berlin.de/de/ebwb/weiterbildungsprogrammarchiv/programme_und_programmforschung/entwicklungen/reich-claassen-von-hippel-angebotsplanung-und-gestaltung.pdf},
  urldate = {2021-05-12}
}

@book{rogers1942,
  title     = {Die nicht-direktive Beratung},
  author    = {Rogers, C.R.},
  date      = {2020},
  origdate  = {1942},
  publisher = {Fischer-Taschenbuch-Verlag},
  location  = {Frankfurt am Main}
}

@book{rogers1977,
  title     = {Therapeut und Klient},
  author    = {Rogers, C.R.},
  date      = {2021},
  origdate  = {1977},
  publisher = {Fischer-Taschenbuch-Verlag},
  location  = {Frankfurt am Main}
}

@book{rogers1961,
  title     = {Entwicklung der Persönlichkeit: Psychotherapie aus der Sicht eines Therapeuten},
  author    = {Rogers, C.R.},
  date      = {2020},
  origdate  = {1961},
  publisher = {Klett-Cotta Verlag},
  location  = {Stuttgart}
}

@book{rogersLernenFreiheit,
  title     = {Lernen in Freiheit. Zur Bildungsreform in Schule und Universität},
  author    = {Rogers, C.R.},
  date      = {1974},
  origdate  = {1969},
  publisher = {Kösel Verlag},
  location  = {München}
}

@book{rogers2020theorie,
  title     = {Eine Theorie der Psychotherapie, der Persönlichkeit und der zwischenmenschlichen Beziehungen},
  author    = {Rogers, C.R.},
  series    = {Personzentrierte Beratung \& Therapie},
  date      = {2020},
  origdate  = {1959},
  publisher = {Reinhardt Ernst},
  location  = {München}
}

@incollection{integrativeMedizin,
  author    = {Krenner, L.},
  title     = {Integrative Medizin - die Wiederentdeckung der Ganzheit},
  booktitle = {Integrative Medizin: Evidenzbasierte komplementärmedizinische Methoden},
  pages     = {3-21},
  editor    = {Frass, M. and Krenner, L. and Dembowsky, K.},
  publisher = {Springer},
  location  = {Berlin und Heidelberg},
  year      = {2019}
}

@incollection{integrativePsycho,
  author    = {Springer-Kremser, M.},
  title     = {Psychotherapeutische Medizin},
  booktitle = {Integrative Medizin: Evidenzbasierte komplementärmedizinische Methoden},
  pages     = {889-902},
  editor    = {Frass, M. and Krenner, L. and Dembowsky, K.},
  publisher = {Springer},
  location  = {Berlin und Heidelberg},
  year      = {2019}
}

@incollection{integrativJakesz,
  author    = {Jakesz, R.},
  title     = {Resilienz: der Weg der Krankheitsbewältigung},
  journal   = {Integrative Medizin: Evidenzbasierte komplementärmedizinische Methoden},
  pages     = {173-180},
  editor    = {Frass, M. and Krenner, L. and Dembowsky, K.},
  publisher = {Springer},
  location  = {Berlin und Heidelberg},
  year      = {2019}
}

@article{HeftSchmerz1,
  author  = {Geber, C. and Kappis, B. and Bäsch, T. and Casser, H.R.},
  title   = {Schmerzprävention in der Grundversorgung},
  journal = {Der Schmerz. Heft 1},
  pages   = {5-12},
  editor  = {{Deutsche Schmerzgesellschaft e.V. et al.}},
  year    = {2021}
}

@article{HeftSchmerz5,
  author  = {Rettke, H. and Naef, R. and Rufer, M. and Peng-Keller, S.},
  title   = {Spiritualität und Behandlung. Die Perspektive von Patienten mit chronischen Schmerzen},
  journal = {Der Schmerz. Heft 5},
  pages   = {333-341},
  editor  = {{Deutsche Schmerzgesellschaft e.V. et al.}},
  year    = {2021}
}

@booklet{LeitlinieFMS,
  title   = {Definition, Pathophysiologie, Diagnostik und Therapie des Fibromyalgiesyndroms},
  editor  = {{Deutsche Schmerzgesellschaft e.V.}},
  year    = {2017},
  url     = {https://www.awmf.org/uploads/tx_szleitlinien/145-004l_S3_Fibromyalgiesyndrom_2019-11_1.pdf},
  urldate = {2021-08-16}
}

@booklet{BZGABeratungEdukation,
  title   = {Patientenberatung/Patientenedukation},
  editor  = {{Bundeszentrale für Gesundheitliche Aufklärung}},
  author  = {Schaeffer, D. and Petermann, F.},
  year    = {2020},
  url     = {https://leitbegriffe.bzga.de/alphabetisches-verzeichnis/patientenberatung-patientenedukation/},
  urldate = {2021-12-27}
}

@booklet{DSFFragebogen,
  title   = {Deutscher Schmerzfragebogen},
  editor  = {{Deutsche Schmerzgesellschaft e.V.}},
  url     = {https://www.schmerzgesellschaft.de/schmerzfragebogen},
  urldate = {2021-12-01}
}

@book{wachter,
  title     = {Psychoedukation bei chronischen Schmerzen: Manual und Materialien},
  author    = {von Wachter, M. and Hendrischke, A.},
  series    = {Psychotherapie: Praxis},
  year      = {2021},
  publisher = {Springer},
  location  = {Berlin und Heidelberg}
}

@book{hacker2021,
  title     = {Edukation in der Pflege},
  author    = {Hacker, M. and Slobodenka, S. and Titzer, H.},
  year      = {2021},
  publisher = {Facultas},
  location  = {Wien}
}

@book{richter,
  title     = {Schmerzen verlernen: Die erfolgreichen Techniken und Übungen der psychologischen Schmerzbewältigung},
  author    = {Richter, J.},
  year      = {2011},
  publisher = {Springer},
  location  = {Berlin und Heidelberg}
}

@book{nobisHerausforderung,
  title     = {Schmerz -- eine Herausforderung: Ein Ratgeber für Betroffene und Angehörige},
  author    = {Nobis, H.G. and Rolke, R. and Graf-Baumann, T. and Förderreuther, S. and Hüppe, M. and Sommer, C.},
  year      = {2020},
  publisher = {Springer},
  location  = {Berlin und Heidelberg}
}

@booklet{Biopsychosozial,
  title   = {Das Biopsychosoziale Modell von Gesundheit und Krankheit},
  editor  = {{Universität Augsburg}},
  url     = {https://www.uni-augsburg.de/de/fakultaet/med/profs/medpsych/lehre/schwerpunkte-lehre/bps/},
  urldate = {2021-12-27}
}

@book{beudels,
  title     = {... das ist für mich ein Kinderspiel: Handbuch zur psychomotorischen Praxis},
  author    = {Beudels, W. and Lensing-Conrady, R. and Beins, H.J.},
  url       = {https://www.psychomotorik-bonn.de/foerderverein-psychomotorik-e-v/lexikon/was-ist-psychomotorik/},
  urldate   = {2021-12-29},
  year      = {2001},
  publisher = {Borgmann},
  location  = {Dortmund}
}

@booklet{Schmerzgesellschaft,
  title   = {Herausforderung Schmerz},
  editor  = {{Deutsche Schmerzgesellschaft e.V.}},
  url     = {https://www.schmerzgesellschaft.de/patienteninformationen/herausforderung-schmerz},
  urldate = {2021-12-31}
}

@article{HeftSchmerz28,
  author  = {Häuser, W. and Schmutzer, G. and Henningsen, P. and et al.},
  title   = {Chronische Schmerzen, Schmerzkrankheit und Zufriedenheit der Betroffenen mit der Schmerzbehandlung in Deutschland},
  journal = {Der Schmerz. Heft 28},
  pages   = {483-492},
  editor  = {{Deutsche Schmerzgesellschaft e.V. et al.}},
  year    = {2014},
  url     = {https://doi.org/10.1007/s00482-014-1438-y},
  urldate = {2021-12-31}
}

@booklet{Nachbessern,
  title   = {Länder müssen bei Stärkung der Schmerztherapie nachbessern},
  editor  = {{Deutsche Schmerzgesellschaft e.V.}},
  year    = {2021},
  url     = {https://www.schmerzgesellschaft.de/fileadmin/pdf/3_NEU_PM_Forderungen_an_die_Politik_Deutsche_Schmerzgesellschaft-final.pdf},
  urldate = {2021-12-31}
}

@article{China,
  author  = {Frieling, H.},
  title   = {Psychoedukation - die Dosis könnte den Unterschied machen},
  journal = {DNP - Der Neurologe \& Psychiater. Heft 21},
  pages   = {17},
  editor  = {{Springer Medizin}},
  year    = {2020},
  url     = {https://www.springermedizin.de/nervenheilkundliche-therapieverfahren/manische-episode/psychoedukation-die-dosis-koennte-den-unterschied-machen/17623594},
  urldate = {2021-12-31}
}

@article{quovadis,
  author  = {Bäuml, J. and Pitschel-Walz, G.},
  title   = {Psychoedukation, quo vadis?},
  journal = {Psychotherapeut. Heft 4},
  pages   = {289f.},
  editor  = {{Springer Medizin}},
  year    = {2012},
  url     = {https://link.springer.com/article/10.1007/s00278-012-0923-y},
  urldate = {2021-12-31}
}

@article{fussnegger,
  author  = {Fussnegger, M. R.},
  title   = {Plädoyer für einen Paradigmenwechsel von Patienten mit orofazialen Schmerzen - ein personzentrierter, narrativer Ansatz},
  journal = {Deutsche Zahnärztliche Zeitschrift. 71 (5)},
  pages   = {371-377},
  editor  = {{Deutscher Ärzteverlag}},
  year    = {2016},
  url     = {https://www.online-dzz.de/fileadmin/user_upload/Heftarchiv/DZZ/article/2016/05/1F519373-C2F0-4F41-A45D-96AE4A5E34E8/1F519373C2F04F41A45D96AE4A5E34E8_ues_fussnegger_plaedoyer_1_original.pdf},
  urldate = {2022-01-01}
}

@incollection{schmerztherapie,
  title     = {Chronischer Schmerz. Bio-psycho-soziale Zusammenhänge},
  author    = {Seemann, H.},
  booktitle = {Grundlagen der Schmerztherapie},
  editor    = {Flöter, T.},
  year      = {1998},
  publisher = {Urban und Vogel},
  location  = {München}
}

@booklet{adherence,
  title   = {Compliance vs. Adherence},
  editor  = {{Dachverband Adherence e.V.}},
  year    = {2011},
  url     = {http://dv-adherence.de/index.php/compliance-vs-adherence.html},
  urldate = {2022-01-01}
}

@booklet{ärzteblatt,
  title   = {Schmerzmedizin: Versorgung älterer Patienten weiter vernachlässigt},
  editor  = {{Deutsches Ärzteblatt}},
  year    = {2020},
  url     = {https://www.aerzteblatt.de/nachrichten/114854/Schmerzmedizin-Versorgung-aelterer-Patienten-weiter-vernachlaessigt},
  urldate = {2022-01-02}
}

@booklet{PDCA,
  title   = {Evolution of the PDCA cycle},
  author  = {Moen, R. and Norman, C.},
  year    = {2006},
  url     = {http://citeseerx.ist.psu.edu/viewdoc/download?doi=10.1.1.470.5465&rep=rep1&type=pdf},
  urldate = {2022-01-02}
}

@article{rothrock,
  author = {John Farr Rothrock and Victoria A. Parada and Cheryl Sims and Kristin Key and Naomi S. Walters and Richard M. Zweifler},
  title   = {The impact of intensive patient education on clinical outcome in a clinic-based migraine population},
  journal = {{Journal of Head and Face Pain. 46.5 }},
  year    = {2006},
  url     = {https://headachejournal.onlinelibrary.wiley.com/doi/full/10.1111/j.1526-4610.2006.00428.x},
  urldate = {2022-01-02},
  pages   = {726-731}
}

@article{arnold,
  author = {Arnold, R.},
  title   = {Ermöglichungsdidaktik - die notwendige Rahmung einer nachhaltigen Kompetenzreifung},
  journal = {{Berufsbildung in Wissenschaft und Praxis (BWP} Heft 2},
  year    = {2012},
  url     = {https://www.bibb.de/veroeffentlichungen/de/publication/download/id/6847},
  urldate = {2021-10-02},
  pages   = {45-48}
}